<?xml version="1.0" encoding="UTF-8"?><collection xmlns="http://www.loc.gov/MARC21/slim"><record><leader>00550nam--2200157-u-4500</leader><controlfield tag="001">000051560</controlfield><controlfield tag="002">20161230</controlfield><controlfield tag="005">20170127233546</controlfield><controlfield tag="008">080806s1000------------r-----000-0-eng-d</controlfield><datafield ind1=" " ind2=" " tag="040"><subfield code="a">IFIN-HH</subfield></datafield><datafield ind1="1" ind2="0" tag="100"><subfield code="a">Askey, Richard A</subfield><subfield code="e">ed</subfield></datafield><datafield ind1="1" ind2=" " tag="245"><subfield code="a">Theory and Application of Special Functions. Proccedings of an Advanced Seminar Sponsored by the Mathematics Research Center The University of Winsconsin-Madison, March 31 - April 2, 1975</subfield></datafield><datafield ind1=" " ind2=" " tag="260"><subfield code="a">New York</subfield><subfield code="b">Academic Press</subfield><subfield code="c">1975</subfield></datafield><datafield ind1=" " ind2=" " tag="300"><subfield code="a">560 p</subfield></datafield><datafield ind1=" " ind2=" " tag="852"><subfield code="a">45302</subfield><subfield code="c">517.5</subfield></datafield><datafield ind1=" " ind2=" " tag="CAT"><subfield code="a">SYS</subfield><subfield code="c">20170127</subfield><subfield code="h">233546</subfield></datafield></record></collection>